<record><leader>00000cas a22000007a 4500</leader><controlfield tag="001">14522794</controlfield><controlfield tag="008">861027d18871927wiucr ne      0    0ger d</controlfield><datafield ind1=" " ind2=" " tag="010"><subfield code="a">sn 86086541 </subfield></datafield><datafield ind1=" " ind2=" " tag="040"><subfield code="a">NPV</subfield><subfield code="b">eng</subfield><subfield code="c">NPV</subfield><subfield code="d">OCLCQ</subfield></datafield><datafield ind1=" " ind2=" " tag="042"><subfield code="a">msc</subfield></datafield><datafield ind1="0" ind2=" " tag="130"><subfield code="a">Sheboygan Zeitung (Sheboygan, Wis. : 1887)</subfield></datafield><datafield ind1="1" ind2="0" tag="245"><subfield code="a">Sheboygan Zeitung.</subfield></datafield><datafield ind1=" " ind2=" " tag="260"><subfield code="a">Sheboygan, Wis. :</subfield><subfield code="b">A.W. Pott,</subfield><subfield code="c">-1927.</subfield></datafield><datafield ind1=" " ind2=" " tag="300"><subfield code="a">v.</subfield></datafield><datafield ind1=" " ind2=" " tag="310"><subfield code="a">Semiweekly</subfield></datafield><datafield ind1=" " ind2=" " tag="321"><subfield code="a">Weekly,</subfield><subfield code="b">1887-1898</subfield></datafield><datafield ind1="0" ind2=" " tag="362"><subfield code="a">Jahrg. 8, no. 17 (19. Okt. 1887)-47. Jahrg., no. 69 (8 April 1927).</subfield></datafield><datafield ind1=" " ind2=" " tag="500"><subfield code="a">Publisher varies.</subfield></datafield><datafield ind1=" " ind2=" " tag="752"><subfield code="a">United States</subfield><subfield code="b">Wisconsin</subfield><subfield code="c">Sheboygan</subfield><subfield code="d">Sheboygan.</subfield></datafield><datafield ind1="0" ind2="0" tag="780"><subfield code="t">Sheboygan Zeitung und Sheboygan Tribun</subfield><subfield code="w">(DLC)sn 86086540</subfield></datafield><datafield ind1="0" ind2="5" tag="780"><subfield code="t">National Demokrat</subfield><subfield code="w">(DLC)sn 86086535</subfield></datafield><datafield ind1="0" ind2="0" tag="785"><subfield code="t">Sheboygan Zeitung und National Demokrat</subfield><subfield code="w">(DLC)sn 86086542</subfield></datafield></record>